<record><leader>00000cas a22000007a 4500</leader><controlfield tag="001">1604197</controlfield><controlfield tag="008">750907d19571968mnuwr ne      0    0eng d</controlfield><datafield ind1=" " ind2=" " tag="010"><subfield code="a">sn 90060257 </subfield></datafield><datafield ind1=" " ind2=" " tag="040"><subfield code="a">MUL</subfield><subfield code="b">eng</subfield><subfield code="c">MUL</subfield><subfield code="d">MN#</subfield><subfield code="d">OCLCQ</subfield><subfield code="d">OCLCF</subfield><subfield code="d">OCLCO</subfield></datafield><datafield ind1="1" ind2=" " tag="029"><subfield code="a">AU@</subfield><subfield code="b">000025905707</subfield></datafield><datafield ind1=" " ind2=" " tag="042"><subfield code="a">msc</subfield></datafield><datafield ind1=" " ind2=" " tag="043"><subfield code="a">n-us-mn</subfield></datafield><datafield ind1=" " ind2=" " tag="052"><subfield code="a">4144</subfield><subfield code="b">W4</subfield><subfield code="b">L56</subfield><subfield code="b">I6</subfield><subfield code="b">M47</subfield><subfield code="b">S4</subfield></datafield><datafield ind1=" " ind2=" " tag="052"><subfield code="a">4143</subfield><subfield code="b">D3</subfield></datafield><datafield ind1="0" ind2="0" tag="245"><subfield code="a">West St. Paul Riverview booster news.</subfield></datafield><datafield ind1="3" ind2="0" tag="246"><subfield code="a">West Saint Paul Riverview booster news</subfield></datafield><datafield ind1="1" ind2="3" tag="246"><subfield code="a">West St. Paul booster Riverview news</subfield><subfield code="f">July 31, 1963-Feb. 28, 1968</subfield></datafield><datafield ind1="3" ind2="0" tag="246"><subfield code="a">West Saint Paul booster Riverview news</subfield></datafield><datafield ind1=" " ind2=" " tag="260"><subfield code="a">West Saint Paul, Minn. :</subfield><subfield code="b">St. Paul Suburban Newspapers,</subfield><subfield code="c">1957-1968.</subfield></datafield><datafield ind1=" " ind2=" " tag="300"><subfield code="a">13 v.</subfield></datafield><datafield ind1=" " ind2=" " tag="310"><subfield code="a">Weekly</subfield></datafield><datafield ind1="0" ind2=" " tag="362"><subfield code="a">Vol. 44, no. 23 (Nov. 25, 1957)-v. 56, no. 34 (Feb. 28, 1968).</subfield></datafield><datafield ind1=" " ind2=" " tag="530"><subfield code="a">Available on microfilm from the Minnesota Historical Society.</subfield></datafield><datafield ind1=" " ind2="0" tag="651"><subfield code="a">West Saint Paul (Minn.)</subfield><subfield code="v">Newspapers.</subfield></datafield><datafield ind1=" " ind2="0" tag="651"><subfield code="a">Mendota Heights (Minn.)</subfield><subfield code="v">Newspapers.</subfield></datafield><datafield ind1=" " ind2="0" tag="651"><subfield code="a">Lilydale (Minn.)</subfield><subfield code="v">Newspapers.</subfield></datafield><datafield ind1=" " ind2="0" tag="651"><subfield code="a">Inver Grove Heights (Minn.)</subfield><subfield code="v">Newspapers.</subfield></datafield><datafield ind1=" " ind2="0" tag="651"><subfield code="a">Saint Paul (Minn.)</subfield><subfield code="v">Newspapers.</subfield></datafield><datafield ind1=" " ind2="7" tag="655"><subfield code="a">Newspapers.</subfield><subfield code="2">fast</subfield><subfield code="0">(OCoLC)fst01423814</subfield></datafield><datafield ind1=" " ind2="7" tag="651"><subfield code="a">Minnesota</subfield><subfield code="z">Inver Grove Heights.</subfield><subfield code="2">fast</subfield><subfield code="0">(OCoLC)fst01208645</subfield></datafield><datafield ind1=" " ind2="7" tag="651"><subfield code="a">Minnesota</subfield><subfield code="z">Lilydale.</subfield><subfield code="2">fast</subfield><subfield code="0">(OCoLC)fst01220153</subfield></datafield><datafield ind1=" " ind2="7" tag="651"><subfield code="a">Minnesota</subfield><subfield code="z">Mendota Heights.</subfield><subfield code="2">fast</subfield><subfield code="0">(OCoLC)fst01220210</subfield></datafield><datafield ind1=" " ind2="7" tag="651"><subfield code="a">Minnesota</subfield><subfield code="z">Saint Paul.</subfield><subfield code="2">fast</subfield><subfield code="0">(OCoLC)fst01212130</subfield></datafield><datafield ind1=" " ind2="7" tag="651"><subfield code="a">Minnesota</subfield><subfield code="z">West Saint Paul.</subfield><subfield code="2">fast</subfield><subfield code="0">(OCoLC)fst01220172</subfield></datafield><datafield ind1=" " ind2=" " tag="752"><subfield code="a">United States</subfield><subfield code="b">Minnesota</subfield><subfield code="c">Dakota</subfield><subfield code="d">West Saint Paul.</subfield></datafield><datafield ind1=" " ind2=" " tag="752"><subfield code="a">United States</subfield><subfield code="b">Minnesota</subfield><subfield code="c">Dakota</subfield><subfield code="d">Mendota Heights.</subfield></datafield><datafield ind1=" " ind2=" " tag="752"><subfield code="a">United States</subfield><subfield code="b">Minnesota</subfield><subfield code="c">Dakota</subfield><subfield code="d">Lilydale.</subfield></datafield><datafield ind1=" " ind2=" " tag="752"><subfield code="a">United States</subfield><subfield code="b">Minnesota</subfield><subfield code="c">Dakota</subfield><subfield code="d">Inver Grove Heights.</subfield></datafield><datafield ind1=" " ind2=" " tag="752"><subfield code="a">United States</subfield><subfield code="b">Minnesota</subfield><subfield code="c">Ramsey</subfield><subfield code="d">Saint Paul.</subfield></datafield><datafield ind1="0" ind2="4" tag="780"><subfield code="t">West St. Paul booster (West St. Paul, Minn. : 1954)</subfield><subfield code="w">(DLC)sn 90060255</subfield></datafield><datafield ind1="0" ind2="4" tag="780"><subfield code="t">Riverview news</subfield></datafield><datafield ind1="0" ind2="0" tag="785"><subfield code="t">West St. Paul sun</subfield><subfield code="w">(DLC)sn 90060258</subfield></datafield></record>